@inproceedings{SteffenandTobiasScheffer,
 author = {Bickel, Steffen and Scheffer, Tobias},
 title = {Multi-View Clustering},
 booktitle = {Proceedings of the Fourth IEEE International Conference on Data Mining},
 series = {ICDM '04},
 year = {2004},
 pages = {19--26},
 publisher = {IEEE Computer Society},
 address = {Washington, DC, USA},
} 

@incollection{Kumar2011,
author = {Kumar, Abhishek and Rai, Piyush and Daume, Hal},
booktitle = {Advances in Neural Information Processing Systems 24},
editor = {Shawe-Taylor, J and Zemel, R S and Bartlett, P L and Pereira, F and Weinberger, K Q},
pages = {1413--1421},
publisher = {Curran Associates, Inc.},
title = {Co-regularized multi-view spectral clustering},
year = {2011}
}

@inproceedings{Mitchell1998,
 author = {Blum, Avrim and Mitchell, Tom},
 title = {Combining labeled and unlabeled data with co-training},
 booktitle = {Proceedings of the Eleventh Annual Conference on Computational Learning Theory},
 series = {COLT' 98},
 year = {1998},
 pages = {92--100},
 publisher = {ACM},
 address = {New York, NY, USA},
} 

@inproceedings{Greene2009a,
author = {Greene, Derek and P\'{a}draig, Cunningham},
booktitle = {Workshop on Information Retrieval over Social Networks, 31st European Conference on Information Retrieval},
title = {Multi-view clustering for mining heterogeneous social network data},
year = {2009}
}

@inproceedings{Niu2012,
author = {Niu, Donglin and Dy, Jennifer G. and Ghahramani, Zoubin},
booktitle = {Proceedings of the 15th International Conference on Artificial Intelligence and Statistics},
pages = {814--822},
publisher = {JMLR},
title = {A nonparametric {B}ayesian model for multiple clustering with overlapping feature views},
year = {2012}
}

@article{Eisen1998,
author = {Eisen, Michael B. and Spellman, Paul T. and Brown, Patrick O. and Botstein, David},
journal = {Proceedings of the National Academy of Sciences of the USA},
number = {25},
pages = {14863--14868},
title = {Cluster analysis and display of genome-wide expression patterns},
volume = {95},
year = {1998}
}

@article{Brown2000,
author = {Brown, Michael P S and Grundy, William Noble and Lin, David and Cristianini, Nello and Sugnet, Charles Walsh and Furey, Terrence S and Ares, Manuel and Haussler, David},
journal = {Proceedings of the National Academy of Sciences of the USA},
number = {1},
pages = {262--267},
title = {Knowledge-based analysis of microarray gene expression data by using support vector machines},
volume = {97},
year = {2000}
}

@article{Pavlidis2002,
author = {Pavlidis, Paul and Weston, Jason and Cai, Jinsong and Noble, William Stafford},
journal = {Journal of Computational Biology},
number = {2},
pages = {401--411},
title = {Learning gene functional classifications from multiple data types},
volume = {9},
year = {2002}
}

@article{Pellegrini1999a,
author = {Pellegrini, M and Marcotte, E M and Thompson, M J and Eisenberg, D and Yeates, T O},
journal = {Proceedings of the National Academy of Sciences of the USA},
number = {8},
pages = {4285--4288},
title = {Assigning protein functions by comparative genome analysis: protein phylogenetic profiles.},
volume = {96},
year = {1999}
}

@inproceedings{Cheng2014,
author = {Cheng, Yu and Agrawal, Ankit and Choudhary, Alok and Liu, Huan and Zhang, Tao},
booktitle = {IEEE International Conference on Data Mining},
month = dec,
pages = {767--772},
publisher = {IEEE},
title = {Social role identification via dual uncertainty minimization regularization},
year = {2014}
}

@incollection{Bonilla2010,
author = {Bonilla, Edwin V. and Guo, Shengbo and Sanner, Scott},
booktitle = {Advances in Neural Information Processing Systems 23},
editor = {Lafferty, J D and Williams, C K I and Shawe-Taylor, J and Zemel, R S and Culotta, A},
pages = {262--270},
publisher = {Curran Associates, Inc.},
title = {{G}aussian process preference elicitation},
year = {2010}
}

@inproceedings{Abbasnejad2013a,
 author = {Abbasnejad, Ehsan and Sanner, Scott and Bonilla, Edwin V. and Poupart, Pascal},
 title = {Learning community-based preferences via {D}irichlet process mixtures of {G}aussian processes},
 booktitle = {Proceedings of the 23rd International Joint Conference on Artificial Intelligence},
 series = {IJCAI '13},
 year = {2013},
 pages = {1213--1219},
 publisher = {AAAI Press}
} 

@article{Cheung2004,
author = {Cheung, Kwok Wai and Tsui, Kwok Ching and Liu, Jiming},
journal = {IEEE Transactions on Systems, Man, and Cybernetics, Part A: Systems and Humans.},
number = {1},
pages = {143--148},
title = {Extended latent class models for collaborative recommendation},
volume = {34},
year = {2004}
}

@incollection{Rasmussen2000a,
address = {Cambridge, MA},
author = {Rasmussen, Carl E.},
booktitle = {Advances in Neural Information Processing Systems 12},
editor = {Solla, S A and Leen, T K and M\"{u}ller, K},
pages = {554--560},
publisher = {MIT Press},
title = {The infinite {G}aussian mixture model},
year = {2000}
}

@article{Gorur2010,
author = {G\"{o}r\"{u}r, Dilan and Rasmussen, Carl Edward},
journal = {Journal of Computer Science and Technology},
number = {July},
pages = {653--664},
title = {Dirichlet process {G}aussian mixture models: choice of the base distribution},
volume = {25},
year = {2010}
}

@article{Gilks1992,
author = {Gilks, W.R. and Wild, P.},
journal = {Applied Statistics},
number = {2},
pages = {337--348},
title = {Adaptive rejection sampling for {G}ibbs sampling},
volume = {41},
year = {1992}
}

@article{Neal2000,
author = {Neal, Radford M.},
institution = {University of Toronto},
journal = {Journal of Computational and Graphical Statistics},
number = {2},
pages = {249--265},
title = {Markov chain sampling methods for {D}irichlet process mixture models},
volume = {9},
year = {2000}
}

@incollection{Dahl2006,
author = {Dahl, D B},
booktitle = {Bayesian inference for gene expression and proteomics},
editor = {Do, Kim-Anh and M\"{u}ller, Peter and Vannucci, Marina},
pages = {201--218},
publisher = {Cambridge University Press},
title = {Model-based clustering for expression data via a {D}irichlet process mixture model},
year = {2006}
}

@incollection{Kamishima2009,
author={Kamishima, Toshihiro and Akaho, Shotaro},
editor={Zighed, Djamel A. and Tsumoto, Shusaku and Ras, Zbigniew W. and Hacid, Hakim},
title={Efficient Clustering for Orders},
booktitle={Mining Complex Data},
year={2009},
publisher={Springer Berlin Heidelberg},
pages={261--279},
}


@Article{coda,
title = {{CODA}: Convergence Diagnosis and Output Analysis for {MCMC}},
author = {Martyn Plummer and Nicky Best and Kate Cowles and Karen Vines},
journal = {R News},
year = {2006},
volume = {6},
number = {1},
pages = {7--11}
}

@Manual{R,
title = {R: A Language and Environment for Statistical Computing},
author = {{R Core Team}},
organization = {R Foundation for Statistical Computing},
address = {Vienna, Austria},
year = {2016},
url = {https://www.R-project.org/},
}


@Manual{coda2015,
title = {coda: Output analysis and diagnostics for {MCMC}},
author = {Martyn Plummer and Nicky Best and Kate Cowles and Karen Vines and Deepayan Sarkar and Douglas Bates and Russell Almond and Arni Magnusson},
year= {2015},
note = {{R} package version 0.18-1 \url{http://cran.r-project.org/package=coda}},
}

@Manual{mclust,
  title = {mclust Version 4 for R: Normal Mixture Modeling for
                  Model-Based Clustering, Classification, 
                  and Density Estimation},
  author = {Chris Fraley and Adrian E. Raftery and Thomas Brendan Murphy and Luca Scrucca},
  year = {2012},
  type = {Technical Report},
  number = {597},
  institution = {Department of Statistics, University of Washington},
  note = {\url{http://cran.r-project.org/package=mclust}}
}

@article{IrisData1935,
    author = {Anderson, E.},
    journal = {Bulletin of the American Iris Society},
    pages = {2--5},
    title = {{The Irises of the Gaspe Peninsula}},
    volume = {59},
    year = {1935}
}


